@article{souza2017open,
  title={An open, multi-vendor, multi-field-strength brain {MR} dataset and analysis of publicly available skull stripping methods agreement},
  author={Souza, Roberto and Lucena, Oeslle and Garrafa, Julia and Gobbi, David and Saluzzi, Marina and Appenzeller, Simone and et al.},
  journal={NeuroImage},
  year={2017},
  publisher={Elsevier}
}